@inproceedings{secagg,
title	= {Practical Secure Aggregation  for Privacy-Preserving Machine Learning},
author	= {Aaron Segal and Antonio Marcedone and Benjamin Kreuter and Daniel Ramage and H. Brendan McMahan and Karn Seth and Keith Bonawitz and Sarvar Patel and Vladimir Ivanov},
year	= {2017},
booktitle	= {CCS}
}
@misc{chollet2015keras,
  title={Keras},
  author={Chollet, Fran\c{c}ois and others},
  year={2015},
  howpublished={\url{https://keras.io}},
}
@article{roy2018effects,

title={Effects of Degradations on Deep Neural Network Architectures},

author={Roy, Prasun and Ghosh, Subhankar and Bhattacharya, Saumik and Pal, Umapada},

journal={arXiv preprint arXiv:1807.10108},

year={2018},
url = "https://www.kaggle.com/prasunroy/natural-images"
}

@misc{Dua:2019 ,
author = "Dua, Dheeru and Graff, Casey",
year = "2017",
title = "{UCI} Machine Learning Repository",
url = "http://archive.ics.uci.edu/ml",
institution = "University of California, Irvine, School of Information and Computer Sciences" }

@article{bre2018prediction,
  title={Prediction of wind pressure coefficients on building surfaces using artificial neural networks},
  author={Bre, Facundo and Gimenez, Juan M and Fachinotti, V{\'\i}ctor D},
  journal={Energy and Buildings},
  volume={158},
  pages={1429--1441},
  year={2018},
  publisher={Elsevier}
}

@article{neuralnets,
  title={Neural Networks and Deep Learning},
  author={Michael A. Nielsen},
  year={2015},
  publisher={Determination Press}
}

@book{deeplearning,
author = {Chollet, Francois},
title = {Deep Learning with Python},
year = {2017},
isbn = {1617294438},
publisher = {Manning Publications Co.},
address = {USA},
edition = {1st}
}
  
@misc{wiki:softmax,
    author = "{Wikipedia contributors}",
    title = "Softmax function --- {Wikipedia}{,} The Free Encyclopedia",
    year = "2019",
    url = "https://en.wikipedia.org/w/index.php?title=Softmax_function&oldid=928536872"
}
@misc{kaggle:model,
    author = "gabrielloye",
    title = "Pytorch VGG16 Natural Images",
    year = "2019",
    url = "https://www.kaggle.com/gabrielloye/pytorch-vgg16-natural-images"
}

@misc{web:neuron,
	author = "JustinB",
	title = "Introduction to Perceptron: Neural Network",
	year = "2017",
	url  = "https://blog.knoldus.com/introduction-to-perceptron-neural-network/"
}

@misc{konen2016federated,
    title={Federated Optimization: Distributed Machine Learning for On-Device Intelligence},
    author={Jakub Konečný and H. Brendan McMahan and Daniel Ramage and Peter Richtárik},
    year={2016},
    eprint={1610.02527},
    archivePrefix={arXiv},
    primaryClass={cs.LG}
}
@phdthesis{phdthesis,
author = {Moodley, Avashlin},
year = {2016},
month = {01},
pages = {},
title = {Language Identification With Decision Trees: Identification Of Individual Words In The South African Languages},
doi = {10.13140/RG.2.2.25539.81445}
}